@misc{AliKFPackage,
  author = {S.~Gorbunov and I.~Kisel},
  title = {{The AliKFParticle}},
  note = {The AliKFParticle class},
  url = {http://git.cern.ch/pubweb/AliRoot.git/blob/f5a839973ccb62a499a44f1c70e7c6706f5a8c40:/STEER/ESD/AliKFParticle.h}
}

@misc{KalmanFilter,
      author         = "S. Gorbunov and I. Kisel",
      title          = "{Reconstruction of decayed particles based on the Kalman filter}",
      year           = "2007",
      howpublished   = "{CBM experiment Report No. CBM-SOFT-note-2007-003 (unpublished)}"

}


@article{Matulewicz1990194,
    author = {{T. Matulewicz \emph{et al.} }},
    title = {{Response of BaF$_2$ detectors to photons of 3-50 MeV energy}},
    journal = {{Nuclear Instruments and Methods in Physics Research Section A: Accelerators, Spectrometers, Detectors and Associated Equipment }},
    volume = {{289}},
    year = {{1990}},
    pages = {{194-204}},
    doi = {{10.1016/0168-9002(90)90259-9}}
}


@misc{AMarinMBW,
author = {Marin, A. \emph{et al.}},
title = {{Correction of the ALICE material budget via weighting procedure}},
url = {https://alice-notes.web.cern.ch/node/860},
year = {{2018-2020}}
}


